@misc{oda2025storygemvoronoitreemapapproach,
  title={StoryGem: Voronoi treemap Approach for Semantics-Preserving Text Visualization}, 
  author={Naoya Oda and Yosuke Onoue},
  year={2025},
  eprint={2506.18793},
  archivePrefix={arXiv},
  primaryClass={cs.CG},
  url={https://arxiv.org/abs/2506.18793}, 
}

@inproceedings{balzer2005voronoi,
  title={Voronoi treemaps},
  author={Balzer, Michael and Deussen, Oliver},
  booktitle={IEEE Symposium on Information Visualization, 2005. INFOVIS 2005.},
  pages={49--56},
  year={2005},
  organization={IEEE}
}

@ARTICLE{8807355,
  author={Wang, Yunhai and Chu, Xiaowei and Zhang, Kaiyi and Bao, Chen and Li, Xiaotong and Zhang, Jian and Fu, Chi-Wing and Hurter, Christophe and Deussen, Oliver and Lee, Bongshin},
  journal={IEEE Transactions on Visualization and Computer Graphics}, 
  title={ShapeWordle: Tailoring Wordles using Shape-aware Archimedean Spirals}, 
  year={2020},
  volume={26},
  number={1},
  pages={991-1000},
  keywords={Shape;Layout;Spirals;Tag clouds;Image color analysis;Tools;Semantics;Wordle;Archimedean spiral;shape},
  doi={10.1109/TVCG.2019.2934783}}
